<record><leader>00000cas a22000007a 4500</leader><controlfield tag="001">20845539</controlfield><controlfield tag="008">900104c19019999mouwr ne      0    0eng d</controlfield><datafield ind1=" " ind2=" " tag="010"><subfield code="a">sn 89067660 </subfield></datafield><datafield ind1=" " ind2=" " tag="040"><subfield code="a">MQN</subfield><subfield code="b">eng</subfield><subfield code="c">MQN</subfield><subfield code="d">OCLCQ</subfield></datafield><datafield ind1=" " ind2=" " tag="042"><subfield code="a">msc</subfield></datafield><datafield ind1="0" ind2="4" tag="245"><subfield code="a">The Sarcoxie record.</subfield></datafield><datafield ind1=" " ind2=" " tag="260"><subfield code="a">Sarcoxie, Jasper County, Mo. :</subfield><subfield code="b">Bernard Finn</subfield></datafield><datafield ind1=" " ind2=" " tag="300"><subfield code="a">v.</subfield></datafield><datafield ind1=" " ind2=" " tag="310"><subfield code="a">Weekly</subfield></datafield><datafield ind1="1" ind2=" " tag="362"><subfield code="a">Began in 1901?</subfield></datafield><datafield ind1=" " ind2=" " tag="588"><subfield code="a">Description based on: Vol. 14, no. 32 (Jan. 1, 1904).</subfield></datafield><datafield ind1=" " ind2=" " tag="752"><subfield code="a">United States</subfield><subfield code="b">Missouri</subfield><subfield code="c">Jasper</subfield><subfield code="d">Sarcoxie.</subfield></datafield><datafield ind1="0" ind2="0" tag="780"><subfield code="t">Farm record (Sarcoxie, Mo.)</subfield></datafield></record>